<record><leader>00000cas a22000007a 4500</leader><controlfield tag="001">20770189</controlfield><controlfield tag="008">891212c19769999mnuwr ne      |   a0eng  </controlfield><datafield ind1=" " ind2=" " tag="010"><subfield code="a">sn 89064625 </subfield></datafield><datafield ind1=" " ind2=" " tag="040"><subfield code="a">MN#</subfield><subfield code="b">eng</subfield><subfield code="c">MN#</subfield><subfield code="d">OCLCQ</subfield><subfield code="d">DLC</subfield><subfield code="d">OCLCF</subfield></datafield><datafield ind1=" " ind2=" " tag="012"><subfield code="l">1</subfield></datafield><datafield ind1="1" ind2=" " tag="022"><subfield code="a">2333-3057</subfield><subfield code="2">1</subfield></datafield><datafield ind1=" " ind2=" " tag="037"><subfield code="b">Pilot-Independent Newspapers Inc., P.O. Box 190, Walker, MN 56484</subfield><subfield code="c">$1.25 (single issue)</subfield><subfield code="c">$30.00 (6 months)</subfield><subfield code="c">$43.00 (per year)</subfield></datafield><datafield ind1=" " ind2=" " tag="042"><subfield code="a">pcc</subfield><subfield code="a">nsdp</subfield></datafield><datafield ind1=" " ind2=" " tag="043"><subfield code="a">n-us-mn</subfield></datafield><datafield ind1="1" ind2="0" tag="050"><subfield code="a">ISSN RECORD</subfield></datafield><datafield ind1=" " ind2=" " tag="052"><subfield code="a">4144</subfield><subfield code="b">W26</subfield></datafield><datafield ind1=" " ind2=" " tag="052"><subfield code="a">4143</subfield><subfield code="b">C3</subfield></datafield><datafield ind1="1" ind2="0" tag="082"><subfield code="a">071</subfield><subfield code="2">23</subfield></datafield><datafield ind1=" " ind2="4" tag="222"><subfield code="a">The Pilot-independent</subfield></datafield><datafield ind1="0" ind2="4" tag="245"><subfield code="a">The Pilot-independent.</subfield></datafield><datafield ind1="1" ind2=" " tag="246"><subfield code="a">Pilot independent</subfield></datafield><datafield ind1=" " ind2=" " tag="260"><subfield code="a">Walker, Minn. :</subfield><subfield code="b">Williams Pub.,</subfield><subfield code="c">1976-</subfield></datafield><datafield ind1=" " ind2=" " tag="300"><subfield code="a">v.</subfield></datafield><datafield ind1=" " ind2=" " tag="310"><subfield code="a">Weekly</subfield></datafield><datafield ind1="0" ind2=" " tag="362"><subfield code="a">May 20, 1976-</subfield></datafield><datafield ind1=" " ind2=" " tag="500"><subfield code="a">Published by: Pilot-Independent Newspapers Inc., &lt;2013-&gt;   .</subfield></datafield><datafield ind1=" " ind2=" " tag="530"><subfield code="a">Available on microfilm from the Minnesota Historical Society.</subfield></datafield><datafield ind1=" " ind2=" " tag="588"><subfield code="a">Latest issue consulted: Vol. 116, no. 2 (Aug. 21, 2013).</subfield></datafield><datafield ind1=" " ind2="0" tag="651"><subfield code="a">Walker (Minn.)</subfield><subfield code="v">Newspapers.</subfield></datafield><datafield ind1=" " ind2="7" tag="655"><subfield code="a">Newspapers.</subfield><subfield code="2">fast</subfield><subfield code="0">(OCoLC)fst01423814</subfield></datafield><datafield ind1=" " ind2="7" tag="651"><subfield code="a">Minnesota</subfield><subfield code="z">Walker.</subfield><subfield code="2">fast</subfield><subfield code="0">(OCoLC)fst01253884</subfield></datafield><datafield ind1=" " ind2=" " tag="752"><subfield code="a">United States</subfield><subfield code="b">Minnesota</subfield><subfield code="c">Cass</subfield><subfield code="d">Walker.</subfield></datafield><datafield ind1="0" ind2="4" tag="780"><subfield code="t">Cass County independent</subfield><subfield code="w">(DLC)sn 89064611</subfield><subfield code="w">(OCoLC)1553483</subfield></datafield><datafield ind1="0" ind2="4" tag="780"><subfield code="t">Walker pilot</subfield><subfield code="w">(DLC)sn 89064624</subfield><subfield code="w">(OCoLC)1587366</subfield></datafield></record>